@article{jlamp,
  TITLE = {{Instrumenting a Weakest Precondition Calculus for Counterexample Generation}},
  AUTHOR = {Dailler, Sylvain and Hauzar, David and March{\'e}, Claude and Moy, Yannick},
  URL = {https://hal.inria.fr/hal-01802488},
  JOURNAL = {{Journal of Logical and Algebraic Methods in Programming}},
  PUBLISHER = {{Elsevier}},
  VOLUME = {99},
  PAGES = {97--113},
  YEAR = {2018},
  KEYWORDS = {Deductive Program Verification ; Weakest Precondition Calculus ; Satisfiability Modulo Theories ; Counterexamples},
  PDF = {https://hal.inria.fr/hal-01802488/file/jlamp.pdf},
  HAL_ID = {hal-01802488},
  HAL_VERSION = {v1},
}

@misc{mparser,
      author = "Max Mouratov and Holger Arnold",
      title = "MParser",
      month = "March",
      year = "2021",
      url = "https://github.com/murmour/mparser"
}

@misc{dunesite,
      author = "Jane Street Group",
      title = "Dune - A Composable Build System",
      month = "November",
      year = "2022",
      url = "https://github.com/murmour/mparser"
}
